@ONLINE {mitrednf2021,
    author = "{The MITRE Corporation}",
    title  = "Network Denial of Service: Direct Network Flood",
    month  = "mar",
    year   = "2021",
    url    = "https://attack.mitre.org/versions/v10/techniques/T1498/001/",
    urldate={2022-02-17}
}

@inproceedings{syme2011f,
  title={The F\# asynchronous programming model},
  author={Syme, Don and Petricek, Tomas and Lomov, Dmitry},
  booktitle={International Symposium on Practical Aspects of Declarative Languages},
  pages={175--189},
  year={2011},
  organization={Springer}
}
@article{primarysource,
   title={primary source},
   author={Ennis, Peter},
   journal={Proceedings of the Human Factors and Ergonomics society Annual Meeting},
   volume={52},
   number={21},
   pages={1747--1750},
   year={1996},
   organization={Sage Publications Sage CA: Los Angeles, CA},
   url= "https://doi.org/10.1177/154193120805202112",
 }


@article{secondarysource,
  title={Teaching logic and teaching critical thinking: revisiting McPeck},
  author={Robinson, Susan Rebecca},
  journal={Higher Education Research and Development},
  volume={30},
  number={3},
  pages={275--287},
  year={2011},
  publisher={Taylor \& Francis}
}

@article{Doe2023,
  title  = {Title of the Article},
  year   = 2023,
  author = {Fisher, James AND Clark, John},
}